1CClientBankExchange
ВерсияФормата=1.03
Кодировка=Windows
Отправитель=Бухгалтерия предприятия, редакция 3.0
Получатель=
ДатаСоздания=09.12.2015
ВремяСоздания=10:33:20
ДатаНачала=09.12.2015
ДатаКонца=09.12.2015
РасчСчет=40702810300180001774
Документ=Платежное поручение
Документ=Платежное требование
СекцияРасчСчет
ДатаНачала=01.01.2020
ДатаКонца=01.01.2020
РасчСчет=123456789
НачальныйОстаток=100
ВсегоПоступило=100.02
ВсегоСписано=100.00
КонечныйОстаток=100.99
КонецРасчСчет
СекцияДокумент=Платежное поручение
Номер=105
Дата=09.12.2015
Сумма=12354.00
ПлательщикСчет=40702810300180001774
Плательщик=ИНН 7719617469 ОАО Крокус
ПлательщикИНН=7719617469
Плательщик1=ОАО Крокус
ПлательщикРасчСчет=40702810300180001774
ПлательщикБанк1=АО ОТП БАНК
ПлательщикБанк2=Г. МОСКВА
ПлательщикБИК=044525311
ПлательщикКорсчет=30101810000000000311
ПолучательСчет=40702810123111111114
Получатель=ИНН 7701325469 ОАО Прогресс Парк
ПолучательИНН=7701325469
Получатель1=ОАО Прогресс Парк
ПолучательРасчСчет=40702810123111111114
ПолучательБанк1=ОАО БАНК ПЕТРОКОММЕРЦ
ПолучательБанк2=Г. МОСКВА
ПолучательБИК=044525352
ПолучательКорсчет=30101810700000000352
ВидПлатежа=Почтой
КодНазПлатежа=1
ВидОплаты=01
ПлательщикКПП=771901001
Очередность=5
НазначениеПлатежа=Оплата по договору. Сумма 12354-00 без налога (НДС)
НазначениеПлатежа1=Оплата по договору. Сумма 12354-00 без налога (НДС)
КонецДокумента
КонецФайла