1CClientBankExchange
ВерсияФормата=1.03
Кодировка=Windows
Отправитель=Отправитель
Получатель=Получатель
ДатаСоздания=01.01.2020
ВремяСоздания=10:00:00
ДатаНачала=01.01.2020
ДатаКонца=01.01.2020
РасчСчет=12345678901234567890
Документ=Платежное поручение
Документ=Платежное требование
СекцияРасчСчет
ДатаНачала=01.01.2020
ДатаКонца=01.01.2020
РасчСчет=12345678901234567890
НачальныйОстаток=10.10
ВсегоПоступило=10.10
ВсегоСписано=10.10
КонечныйОстаток=10.10
КонецРасчСчет
СекцияРасчСчет
ДатаНачала=01.01.2020
ДатаКонца=01.01.2020
РасчСчет=12345678901234567891
НачальныйОстаток=10.10
ВсегоПоступило=10.10
ВсегоСписано=10.10
КонечныйОстаток=10.10
КонецРасчСчет
СекцияДокумент=Платежное поручение
Номер=1
Дата=01.01.2020
Сумма=10.10
КвитанцияДата=01.01.2020
КвитанцияВремя=10:00:00
КвитанцияСодержание=КвитанцияСодержание
ПлательщикСчет=12345678901234567890
ДатаСписано=01.01.2020
Плательщик=Плательщик
ПлательщикИНН=1234567890
Плательщик1=Плательщик1
Плательщик2=Плательщик2
Плательщик3=Плательщик3
Плательщик4=Плательщик4
ПлательщикРасчСчет=12345678901234567890
ПлательщикБанк1=ПлательщикБанк1
ПлательщикБанк2=ПлательщикБанк2
ПлательщикБИК=123456789
ПлательщикКорсчет=12345678901234567890
ПолучательСчет=12345678901234567890
ДатаПоступило=01.01.2020
Получатель=Получатель
ПолучательИНН=1234567890
Получатель1=Получатель1
Получатель2=Получатель2
Получатель3=Получатель3
Получатель4=Получатель4
ПолучательРасчСчет=12345678901234567890
ПолучательБанк1=ПолучательБанк1
ПолучательБанк2=ПолучательБанк2
ПолучательБИК=123456789
ПолучательКорсчет=12345678901234567890
ВидПлатежа=Почтой
КодНазПлатежа=1
ВидОплаты=01
Код=0
НазначениеПлатежа=НазначениеПлатежа
НазначениеПлатежа1=НазначениеПлатежа1
НазначениеПлатежа2=НазначениеПлатежа2
НазначениеПлатежа3=НазначениеПлатежа3
НазначениеПлатежа4=НазначениеПлатежа4
НазначениеПлатежа5=НазначениеПлатежа5
НазначениеПлатежа6=НазначениеПлатежа6
СтатусСоставителя=СтатусСоставителя
ПлательщикКПП=123456789
ПолучательКПП=123456789
ПоказательКБК=12345678901234567890
ОКАТО=12345678901
ПоказательОснования=12
ПоказательПериода=1234567890
ПоказательНомера=ПоказательНомера
ПоказательДаты=01.01.2020
ПоказательТипа=1
Очередность=1
СрокАкцепта=1
ВидАккредитива=ВидАккредитива
СрокПлатежа=01.01.2020
УсловиеОплаты1=УсловиеОплаты1
УсловиеОплаты2=УсловиеОплаты2
УсловиеОплаты3=УсловиеОплаты3
ПлатежПоПредст=ПлатежПоПредст
ДополнУсловия=ДополнУсловия
НомерСчетаПоставщика=12345678901234567890
ДатаОтсылкиДок=01.01.2020
КонецДокумента
СекцияДокумент=Платежное требование
Номер=1
Дата=01.01.2020
Сумма=10.10
КвитанцияДата=01.01.2020
КвитанцияВремя=10:00:00
КвитанцияСодержание=КвитанцияСодержание
ПлательщикСчет=12345678901234567890
ДатаСписано=01.01.2020
Плательщик=Плательщик
ПлательщикИНН=1234567890
Плательщик1=Плательщик1
Плательщик2=Плательщик2
Плательщик3=Плательщик3
Плательщик4=Плательщик4
ПлательщикРасчСчет=12345678901234567890
ПлательщикБанк1=ПлательщикБанк1
ПлательщикБанк2=ПлательщикБанк2
ПлательщикБИК=123456789
ПлательщикКорсчет=12345678901234567890
ПолучательСчет=12345678901234567890
ДатаПоступило=01.01.2020
Получатель=Получатель
ПолучательИНН=1234567890
Получатель1=Получатель1
Получатель2=Получатель2
Получатель3=Получатель3
Получатель4=Получатель4
ПолучательРасчСчет=12345678901234567890
ПолучательБанк1=ПолучательБанк1
ПолучательБанк2=ПолучательБанк2
ПолучательБИК=123456789
ПолучательКорсчет=12345678901234567890
ВидПлатежа=Почтой
КодНазПлатежа=1
ВидОплаты=01
Код=0
НазначениеПлатежа=НазначениеПлатежа
НазначениеПлатежа1=НазначениеПлатежа1
НазначениеПлатежа2=НазначениеПлатежа2
НазначениеПлатежа3=НазначениеПлатежа3
НазначениеПлатежа4=НазначениеПлатежа4
НазначениеПлатежа5=НазначениеПлатежа5
НазначениеПлатежа6=НазначениеПлатежа6
СтатусСоставителя=СтатусСоставителя
ПлательщикКПП=123456789
ПолучательКПП=123456789
ПоказательКБК=12345678901234567890
ОКАТО=12345678901
ПоказательОснования=12
ПоказательПериода=1234567890
ПоказательНомера=ПоказательНомера
ПоказательДаты=01.01.2020
ПоказательТипа=1
Очередность=1
СрокАкцепта=1
ВидАккредитива=ВидАккредитива
СрокПлатежа=01.01.2020
УсловиеОплаты1=УсловиеОплаты1
УсловиеОплаты2=УсловиеОплаты2
УсловиеОплаты3=УсловиеОплаты3
ПлатежПоПредст=ПлатежПоПредст
ДополнУсловия=ДополнУсловия
НомерСчетаПоставщика=12345678901234567890
ДатаОтсылкиДок=01.01.2020
КонецДокумента
КонецФайла