1CClientBankExchange
ВерсияФормата=1.03
Кодировка=Windows
Отправитель=OEBS R12
Получатель=
ДатаСоздания=20.08.2021
ВремяСоздания=08:21:48
ДатаНачала=20.08.2021
ДатаКонца=20.08.2021
РасчСчет=40821810840020000005
Документ=Платежное поручение
СекцияДокумент=Платежное поручение
Номер=23720
Дата=20.08.2021
Сумма=0.01
ПлательщикСчет=40821810840020000005
ПлательщикИНН=7707049388
ПлательщикКПП=770545001
Плательщик=ПАО "Ростелеком"
Плательщик1=ПАО "Ростелеком"
ПлательщикРасчСчет=40821810840020000005
ПлательщикБанк1=ПАО СБЕРБАНК
ПлательщикБанк2=г Москва
ПлательщикБИК=044525225
ПлательщикКорсчет=30101810400000000225
ПолучательСчет=40821810462000000144
ПолучательИНН=1650136610
ПолучательКПП=165001001
Получатель=ТСЖ "БЕРЕГ"
Получатель1=ТСЖ "БЕРЕГ"
ПолучательРасчСчет=40821810462000000144
ПолучательБанк1=ОТДЕЛЕНИЕ "БАНК ТАТАРСТАН" N8610 ПАО СБЕРБАНК
ПолучательБанк2=
ПолучательБИК=049205603
ПолучательКорсчет=30101810600000000603
ВидПлатежа=Электронно
ВидОплаты=01
Очередность=5
Код=0
КодНазПлатежа=
СтатусСоставителя=
ПоказательКБК=
ОКАТО=
ПоказательОснования=
ПоказательПериода=
ПоказательНомера=
ПоказательДаты=
ПоказательТипа=
НазначениеПлатежа=За Татарстан. Расчет по договору N б/н от 01.09.2008 за аренду. Не облагается НДС
НазначениеПлатежа1=
НазначениеПлатежа2=
КонецДокумента
КонецФайла
