1CClientBankExchange
ВерсияФормата=1.01
Кодировка=Windows
Отправитель=OEBS R12
Получатель=ДБО BS-Client v.3 BSS
ДатаСоздания=20.08.2021
ВремяСоздания=07:27:12
ДатаНачала=20.08.2021
ДатаКонца=20.08.2021
РасчСчет=40706810900000064381
Документ=Платежное поручение
СекцияДокумент=Платежное поручение
Номер=119
Дата=20.08.2021
Сумма=0.01
ПлательщикСчет=40706810900000064381
Плательщик=ПАО "Ростелеком"
ПлательщикИНН=7707049388
Плательщик1=ПАО "Ростелеком"
ПлательщикРасчСчет=40706810900000064381
ПлательщикБанк1=ПАО "ПРОМСВЯЗЬБАНК"
ПлательщикБанк2=
ПлательщикБИК=044525555
ПлательщикКорсчет=30101810400000000555
ПолучательСчет=40702810938120061991
Получатель=АО "Российские космические системы"
ПолучательИНН=7722698789
Получатель1=АО "Российские космические системы"
ПолучательРасчСчет=40702810938120061991
ПолучательБанк1=ПАО СБЕРБАНК
ПолучательБанк2=г Москва
ПолучательБИК=044525225
ПолучательКорсчет=30101810400000000225
ВидПлатежа=Электронно
ВидОплаты=01
СтатусСоставителя=
ПлательщикКПП=770545001
ПолучательКПП=774550001
ПоказательКБК=
ОКАТО=
ПоказательОснования=
ПоказательПериода=
ПоказательНомера=
ПоказательДаты=
ПоказательТипа=
Очередность=5
Код=2021730100412217000244871
НазначениеПлатежа=Тип 3.Расчет за оказ.услуги. в т.ч. НДС 20%: 0.00
НазначениеПлатежа1=
КонецДокумента

КонецФайла
