1CClientBankExchange
ВерсияФормата=1.03
Кодировка=Windows
Отправитель=OEBS R12
Получатель=
ДатаСоздания=20.08.2021
ВремяСоздания=08:20:16
ДатаНачала=20.08.2021
ДатаКонца=20.08.2021
РасчСчет=40702810942020002415
Документ=Платежное поручение
СекцияДокумент=Платежное поручение
Номер=288
Дата=20.08.2021
Сумма=0.01
ПлательщикСчет=40702810942020002415
ПлательщикИНН=7707049388
ПлательщикКПП=770545001
Плательщик=ПАО "Ростелеком"
Плательщик1=ПАО "Ростелеком"
ПлательщикРасчСчет=40702810942020002415
ПлательщикБанк1=ВОЛГО-ВЯТСКИЙ БАНК ПАО СБЕРБАНК
ПлательщикБанк2=
ПлательщикБИК=042202603
ПлательщикКорсчет=30101810900000000603
ПолучательСчет=03100643000000015400
ПолучательИНН=5753029294
ПолучательКПП=575301001
Получатель=Управление Федерального казначейства по Орловской области (УПРАВЛЕНИЕ ФЕДЕРАЛЬНОЙ СЛУЖБЫ БЕЗОПАСНОСТИ ПО ОРЛОВСКОЙ ОБЛАСТИ)
Получатель1=Управление Федерального казначейства по Орловской области (УПРАВЛЕНИЕ ФЕДЕРАЛЬНОЙ СЛУЖБЫ БЕЗОПАСНОСТИ ПО ОРЛОВСКОЙ ОБЛАСТИ)
ПолучательРасчСчет=03100643000000015400
ПолучательБанк1=ОТДЕЛЕНИЕ ОРЕЛ БАНКА РОССИИ//УФК по Орловской области
ПолучательБанк2=Г. Орёл
ПолучательБИК=015402901
ПолучательКорсчет=40102810545370000046
ВидПлатежа=Электронно
ВидОплаты=01
Очередность=1
Код=0
КодНазПлатежа=
СтатусСоставителя=08
ПоказательКБК=18911301050016000130
ОКАТО=54701000
ПоказательОснования=0
ПоказательПериода=0
ПоказательНомера=0
ПоказательДаты=0
ПоказательТипа=
НазначениеПлатежа=Расчет по договору N 0320 от 21.06.2021 за проведение экспертизы. Не облагается НДС
НазначениеПлатежа1=
НазначениеПлатежа2=
КонецДокумента
КонецФайла
