1CClientBankExchange
ВерсияФормата=1.03
Кодировка=windows
Отправитель=OEBS R12
Получатель=ДБО BS-Client v.3 BSS
ДатаСоздания=20.08.2021
ВремяСоздания=08:23:18
ДатаНачала=20.08.2021
ДатаКонца=20.08.2021
РасчСчет=40702810800030005413
Документ=Платежное поручение
СекцияДокумент=Платежное поручение
Номер=2335
Дата=20.08.2021
Сумма=0.01
ПлательщикСчет=40702810800030005413
Плательщик=ПАО "Ростелеком"
ПлательщикИНН=7707049388
Плательщик1=ПАО "Ростелеком"
ПлательщикРасчСчет=40702810800030005413
ПлательщикБанк1=БАНК ВТБ (ПАО)
ПлательщикБанк2=
ПлательщикБИК=044525187
ПлательщикКорсчет=30101810700000000187
ПолучательСчет=03100643000000012100
Получатель=УФК по Ставропольскому краю (ИФНС по Ленинскому району г.Ставрополя)
ПолучательИНН=2635028348
Получатель1=УФК по Ставропольскому краю (ИФНС по Ленинскому району г.Ставрополя)
ПолучательРасчСчет=03100643000000012100
ПолучательБанк1=ОТДЕЛЕНИЕ СТАВРОПОЛЬ БАНКА РОССИИ//УФК по Ставропольскому краю г. Ставрополь
ПолучательБанк2=
ПолучательБИК=010702101
ПолучательКорсчет=40102810345370000013
ВидПлатежа=
ВидОплаты=01
СтатусСоставителя=02
ПлательщикКПП=263445004
ПолучательКПП=263501001
ПоказательКБК=18210102010011000110
ОКАТО=07701000
ПоказательОснования=ТП
ПоказательПериода=МС.08.2021
ПоказательНомера=0
ПоказательДаты=20.08.2021
ПоказательТипа=
Очередность=3
Код=0
КодНазПлатежа=
НазначениеПлатежа=НДФЛ Август 2021 Не облагается НДС
НазначениеПлатежа1=
КонецДокумента

СекцияДокумент=Платежное поручение
Номер=2322
Дата=20.08.2021
Сумма=0.01
ПлательщикСчет=40702810800030005413
Плательщик=ПАО "Ростелеком"
ПлательщикИНН=7707049388
Плательщик1=ПАО "Ростелеком"
ПлательщикРасчСчет=40702810800030005413
ПлательщикБанк1=БАНК ВТБ (ПАО)
ПлательщикБанк2=
ПлательщикБИК=044525187
ПлательщикКорсчет=30101810700000000187
ПолучательСчет=03100643000000013400
Получатель=УФК ПО ИРКУТСКОЙ ОБЛАСТИ (МЕЖРАЙОННАЯ ИФНС РОССИИ № 18 ПО ИРКУТСКОЙ ОБЛАСТИ)
ПолучательИНН=3819023623
Получатель1=УФК ПО ИРКУТСКОЙ ОБЛАСТИ (МЕЖРАЙОННАЯ ИФНС РОССИИ № 18 ПО ИРКУТСКОЙ ОБЛАСТИ)
ПолучательРасчСчет=03100643000000013400
ПолучательБанк1=ОТДЕЛЕНИЕ ИРКУТСК БАНКА РОССИИ//УФК ПО ИРКУТСКОЙ ОБЛАСТИ г. Иркутск
ПолучательБанк2=
ПолучательБИК=012520101
ПолучательКорсчет=40102810145370000026
ВидПлатежа=
ВидОплаты=01
СтатусСоставителя=02
ПлательщикКПП=385145001
ПолучательКПП=385101001
ПоказательКБК=18210102010011000110
ОКАТО=25736000
ПоказательОснования=ТП
ПоказательПериода=МС.08.2021
ПоказательНомера=0
ПоказательДаты=20.08.2021
ПоказательТипа=
Очередность=3
Код=0
КодНазПлатежа=
НазначениеПлатежа=НДФЛ за август 2021 г. Не облагается НДС
НазначениеПлатежа1=
КонецДокумента

СекцияДокумент=Платежное поручение
Номер=2991
Дата=20.08.2021
Сумма=0.01
ПлательщикСчет=40702810800030005413
Плательщик=ПАО "Ростелеком"
ПлательщикИНН=7707049388
Плательщик1=ПАО "Ростелеком"
ПлательщикРасчСчет=40702810800030005413
ПлательщикБанк1=БАНК ВТБ (ПАО)
ПлательщикБанк2=
ПлательщикБИК=044525187
ПлательщикКорсчет=30101810700000000187
ПолучательСчет=03100643000000016900
Получатель=УФК МИНФИНА РОССИИ ПО ЧЕЛЯБИНСКОЙ ОБЛАСТИ (МЕЖРАЙОННАЯ ИФНС РОССИИ №23 ПО ЧЕЛЯБИНСКОЙ ОБЛАСТИ)
ПолучательИНН=7415005658
Получатель1=УФК МИНФИНА РОССИИ ПО ЧЕЛЯБИНСКОЙ ОБЛАСТИ (МЕЖРАЙОННАЯ ИФНС РОССИИ №23 ПО ЧЕЛЯБИНСКОЙ ОБЛАСТИ)
ПолучательРасчСчет=03100643000000016900
ПолучательБанк1=ОТДЕЛЕНИЕ ЧЕЛЯБИНСК БАНКА РОССИИ//УФК по Челябинской области г. Челябинск
ПолучательБанк2=
ПолучательБИК=017501500
ПолучательКорсчет=40102810645370000062
ВидПлатежа=
ВидОплаты=01
СтатусСоставителя=02
ПлательщикКПП=741545001
ПолучательКПП=741501001
ПоказательКБК=18210102010011000110
ОКАТО=75742000
ПоказательОснования=ТП
ПоказательПериода=МС.08.2021
ПоказательНомера=0
ПоказательДаты=20.08.2021
ПоказательТипа=
Очередность=3
Код=0
КодНазПлатежа=
НазначениеПлатежа=НДФЛ за август 2021 года. Не облагается НДС
НазначениеПлатежа1=
КонецДокумента

СекцияДокумент=Платежное поручение
Номер=2349
Дата=20.08.2021
Сумма=0.01
ПлательщикСчет=40702810800030005413
Плательщик=ПАО "Ростелеком"
ПлательщикИНН=7707049388
Плательщик1=ПАО "Ростелеком"
ПлательщикРасчСчет=40702810800030005413
ПлательщикБанк1=БАНК ВТБ (ПАО)
ПлательщикБанк2=
ПлательщикБИК=044525187
ПлательщикКорсчет=30101810700000000187
ПолучательСчет=03100643000000013400
Получатель=УФК по Иркутской области (Межрайонная ИФНС России № 18 по Иркутской области)
ПолучательИНН=3819023623
Получатель1=УФК по Иркутской области (Межрайонная ИФНС России № 18 по Иркутской области)
ПолучательРасчСчет=03100643000000013400
ПолучательБанк1=ОТДЕЛЕНИЕ ИРКУТСК БАНКА РОССИИ//УФК ПО ИРКУТСКОЙ ОБЛАСТИ г. Иркутск
ПолучательБанк2=
ПолучательБИК=012520101
ПолучательКорсчет=40102810145370000026
ВидПлатежа=
ВидОплаты=01
СтатусСоставителя=01
ПлательщикКПП=770543002
ПолучательКПП=385101001
ПоказательКБК=18210803010011050110
ОКАТО=25736000
ПоказательОснования=ТП
ПоказательПериода=МС.08.2021
ПоказательНомера=0
ПоказательДаты=0
ПоказательТипа=
Очередность=5
Код=0
КодНазПлатежа=
НазначениеПлатежа=За рассмотрение заявления о выдаче судебного приказа. Не облагается НДС
НазначениеПлатежа1=
КонецДокумента

СекцияДокумент=Платежное поручение
Номер=2451
Дата=20.08.2021
Сумма=0.01
ПлательщикСчет=40702810800030005413
Плательщик=ПАО "Ростелеком"
ПлательщикИНН=7707049388
Плательщик1=ПАО "Ростелеком"
ПлательщикРасчСчет=40702810800030005413
ПлательщикБанк1=БАНК ВТБ (ПАО)
ПлательщикБанк2=
ПлательщикБИК=044525187
ПлательщикКорсчет=30101810700000000187
ПолучательСчет=03100643000000017200
Получатель=УФК по г. Санкт-Петербургу (Межрайонная инспекция Федеральной налоговой службы № 11 по Санкт-Петербургу)
ПолучательИНН=7842000011
Получатель1=УФК по г. Санкт-Петербургу (Межрайонная инспекция Федеральной налоговой службы № 11 по Санкт-Петербургу)
ПолучательРасчСчет=03100643000000017200
ПолучательБанк1=СЕВЕРО-ЗАПАДНОЕ ГУ БАНКА РОССИИ//УФК по г.Санкт-Петербургу г. Санкт-Петербург
ПолучательБанк2=
ПолучательБИК=014030106
ПолучательКорсчет=40102810945370000005
ВидПлатежа=
ВидОплаты=01
СтатусСоставителя=01
ПлательщикКПП=784201001
ПолучательКПП=784201001
ПоказательКБК=18210202090071010160
ОКАТО=40911000
ПоказательОснования=ТП
ПоказательПериода=МС.07.2021
ПоказательНомера=0
ПоказательДаты=20.08.2021
ПоказательТипа=
Очередность=5
Код=0
КодНазПлатежа=
НазначениеПлатежа=Страховые взносы на обязательное социальное страхование на случай временной нетрудоспособности и в связи с материнством. Не облагается НДС
НазначениеПлатежа1=
КонецДокумента

СекцияДокумент=Платежное поручение
Номер=2930
Дата=20.08.2021
Сумма=0.01
ПлательщикСчет=40702810800030005413
Плательщик=ПАО "Ростелеком"
ПлательщикИНН=7707049388
Плательщик1=ПАО "Ростелеком"
ПлательщикРасчСчет=40702810800030005413
ПлательщикБанк1=БАНК ВТБ (ПАО)
ПлательщикБанк2=
ПлательщикБИК=044525187
ПлательщикКорсчет=30101810700000000187
ПолучательСчет=40822810400000000006
Получатель=ПАО "МОБИЛЬНЫЕ ТЕЛЕСИСТЕМЫ"
ПолучательИНН=7740000076
Получатель1=ПАО "МОБИЛЬНЫЕ ТЕЛЕСИСТЕМЫ"
ПолучательРасчСчет=40822810400000000006
ПолучательБанк1=ПАО "МТС-БАНК"
ПолучательБанк2=
ПолучательБИК=044525232
ПолучательКорсчет=30101810600000000232
ВидПлатежа=
ВидОплаты=01
СтатусСоставителя=
ПлательщикКПП=770545001
ПолучательКПП=434502001
ПоказательКБК=
ОКАТО=
ПоказательОснования=
ПоказательПериода=
ПоказательНомера=
ПоказательДаты=
ПоказательТипа=
Очередность=5
Код=424330352486400000000ЛС12
КодНазПлатежа=
НазначениеПлатежа=Расчет по договору N Н 394/536-10-16 от 05.05.2010 за услуги связи. в т.ч. НДС 20%: 0.00
НазначениеПлатежа1=
КонецДокумента

КонецФайла
